@article{lecun1998cnn,
  author    = {Yann LeCun and L{\'e}on Bottou and Yoshua Bengio and Patrick Haffner},
  title     = {Gradient-based learning applied to document recognition},
  journal   = {Proceedings of the IEEE},
  volume    = {86},
  number    = {11},
  pages     = {2278--2324},
  year      = {1998},
  doi       = {10.1109/5.726791}
}


@book{gonzalez2002digital,
  author    = {Rafael C. Gonzalez and Richard E. Woods},
  title     = {Digital Image Processing},
  edition   = {2nd},
  publisher = {Prentice Hall},
  year      = {2002}
}

@article{canny1986edge,
  author    = {John Canny},
  title     = {A Computational Approach to Edge Detection},
  journal   = {IEEE Transactions on Pattern Analysis and Machine Intelligence},
  volume    = {PAMI-8},
  number    = {6},
  pages     = {679--698},
  year      = {1986},
  doi       = {10.1109/TPAMI.1986.4767851}
}

@inproceedings{dalal2005hog,
  author    = {Navneet Dalal and Bill Triggs},
  title     = {Histograms of Oriented Gradients for Human Detection},
  booktitle = {IEEE Computer Society Conference on Computer Vision and Pattern Recognition (CVPR)},
  volume    = {1},
  pages     = {886--893},
  year      = {2005},
  doi       = {10.1109/CVPR.2005.177}
}

@article{lowe2004sift,
  author    = {David G. Lowe},
  title     = {Distinctive Image Features from Scale-Invariant Keypoints},
  journal   = {International Journal of Computer Vision},
  volume    = {60},
  number    = {2},
  pages     = {91--110},
  year      = {2004},
  doi       = {10.1023/B:VISI.0000029664.99615.94}
}

@inproceedings{he2016resnet,
  author    = {Kaiming He and Xiangyu Zhang and Shaoqing Ren and Jian Sun},
  title     = {Deep Residual Learning for Image Recognition},
  booktitle = {Proceedings of the IEEE Conference on Computer Vision and Pattern Recognition (CVPR)},
  pages     = {770--778},
  year      = {2016},
  doi       = {10.1109/CVPR.2016.90}
}

@inproceedings{tan2019efficientnet,
  author    = {Mingxing Tan and Quoc V. Le},
  title     = {EfficientNet: Rethinking Model Scaling for Convolutional Neural Networks},
  booktitle = {Proceedings of the International Conference on Machine Learning (ICML)},
  pages     = {6105--6114},
  year      = {2019},
  doi       = {10.48550/arXiv.1905.11946}
}

@article{simonyan2015vgg,
  author    = {Karen Simonyan and Andrew Zisserman},
  title     = {Very Deep Convolutional Networks for Large-Scale Image Recognition},
  journal   = {International Conference on Learning Representations (ICLR)},
  year      = {2015},
  doi       = {10.48550/arXiv.1409.1556}
}

@article{dosovitskiy2021vit,
  author    = {Alexey Dosovitskiy and Lucas Beyer and Alexander Kolesnikov and Dirk Weissenborn and Xiaohua Zhai and Thomas Unterthiner and Mostafa Dehghani and Matthias Minderer and Georg Heigold and Sylvain Gelly and Jakob Uszkoreit and Neil Houlsby},
  title     = {An Image is Worth 16x16 Words: Transformers for Image Recognition at Scale},
  journal   = {International Conference on Learning Representations (ICLR)},
  year      = {2021},
  doi       = {10.48550/arXiv.2010.11929}
}

@inproceedings{chen2020simclr,
  author    = {Ting Chen and Simon Kornblith and Mohammad Norouzi and Geoffrey Hinton},
  title     = {A Simple Framework for Contrastive Learning of Visual Representations},
  booktitle = {International Conference on Machine Learning (ICML)},
  year      = {2020},
  doi       = {10.48550/arXiv.2002.05709}
}

@inproceedings{grill2020byol,
  author    = {Jean-Bastien Grill and Florian Strub and Florent Altché and Corentin Tallec and Pierre H. Richemond and Elena Buchatskaya and Carl Doersch and Bernardo A. Pires and Zhaohan Guo and Mohammad Gheshlaghi Azar and Bilal Piot and Koray Kavukcuoglu and Rémi Munos and Michal Valko},
  title     = {Bootstrap Your Own Latent: A New Approach to Self-Supervised Learning},
  booktitle = {Advances in Neural Information Processing Systems (NeurIPS)},
  year      = {2020},
  doi       = {10.48550/arXiv.2006.07733}
}

@inproceedings{chen2021mocov3,
  author    = {Xinlei Chen and Saining Xie and Kaiming He},
  title     = {An Empirical Study of Training Self-Supervised Vision Transformers},
  booktitle = {International Conference on Computer Vision (ICCV)},
  year      = {2021},
  doi       = {10.48550/arXiv.2104.02057}
}

@article{krizhevsky2012imagenet,
  title={ImageNet classification with deep convolutional neural networks},
  author={Krizhevsky, Alex and Sutskever, Ilya and Hinton, Geoffrey E},
  journal={Advances in neural information processing systems},
  volume={25},
  pages={1097--1105},
  year={2012}
}

@article{deng2009imagenet,
  title={ImageNet: A large-scale hierarchical image database},
  author={Deng, Jia and Dong, Wei and Socher, Richard and Li, Li-Jia and Li, Kai and Fei-Fei, Li},
  journal={Proceedings of the IEEE conference on computer vision and pattern recognition (CVPR)},
  year={2009},
  pages={248-255}
}

@article{van2008visualizing,
  title={Visualizing data using t-SNE},
  author={van der Maaten, Laurens and Hinton, Geoffrey},
  journal={Journal of Machine Learning Research},
  volume={9},
  pages={2579--2605},
  year={2008}
}


@book{bishop2006pattern,
  title={Pattern recognition and machine learning},
  author={Bishop, Christopher M.},
  year={2006},
  publisher={Springer}
}

@misc{scikit-learn,
  author = {Pedregosa, Fabian and Varoquaux, Gael and Gramfort, Alexandre and Michel, Vincent and Thirion, Bertrand and Grisel, Olivier and Blondel, Mathieu and Prettenhofer, Peter and Weiss, Ron and Dubourg, Vincent and Vanderplas, Jake and Passos, Alexandre and Cournapeau, David and Brucher, Matthieu and Perrot, Matthieu and Duchesnay, Edouard},
  title = {Scikit-learn: Machine Learning in Python},
  year = {2011},
  journal = {Journal of Machine Learning Research},
  volume = {12},
  pages = {2825-2830},
  url = {https://scikit-learn.org/stable/modules/generated/sklearn.preprocessing.StandardScaler.html}
}


@article{radford2021learning,
  author    = {Alec Radford and Jong Wook Kim and Chris Hallacy and Aditya Ramesh and Gabriel Goh and Sandhini Agarwal and Girish Sastry and Amanda Askell and Pamela Mishkin and Jack Clark and Gretchen Krueger and Ilya Sutskever},
  title     = {Learning Transferable Visual Models From Natural Language Supervision},
  journal   = {arXiv preprint arXiv:2103.00020},
  year      = {2021},
  url       = {https://arxiv.org/abs/2103.00020}
}

@book{goodfellow2016deep,
  title={Deep learning},
  author={Goodfellow, Ian and Bengio, Yoshua and Courville, Aaron},
  year={2016},
  publisher={MIT press}
}

@inproceedings{hadsell2006dimensionality,
  title={Dimensionality reduction by learning an invariant mapping},
  author={Hadsell, Raia and Chopra, Sumit and LeCun, Yann},
  booktitle={2006 IEEE Computer Society Conference on Computer Vision and Pattern Recognition (CVPR'06)},
  volume={2},
  pages={1735--1742},
  year={2006},
  organization={IEEE}
}




@article{numismaticnews2023grading,
  author    = {Numismatic News},
  title     = {The Challenge of Grading Circulating Coins},
  journal   = {Numismatic News},
  year      = {2023},
  url       = {https://www.numismaticnews.net/collecting-101/the-challenge-of-grading-circulating-coins}
}

@article{coinsweekly2023ai,
  author    = {CoinsWeekly},
  title     = {How AI Is Transforming Numismatics},
  journal   = {CoinsWeekly},
  year      = {2023},
  url       = {https://new.coinsweekly.com/news-en/how-ai-is-transforming-numismatics/}
}

@article{hinh2023numi,
  author    = {Justin Hinh},
  title     = {Numi: AI-Powered Coin Grading and Identification},
  journal   = {Justin Hinh's Portfolio},
  year      = {2023},
  url       = {https://justinhinh.webflow.io/projects/numi}
}

@article{numismaticnews2023biases,
  author    = {Numismatic News},
  title     = {Biases In Certified Coin Populations},
  journal   = {Numismatic News},
  year      = {2023},
  url       = {https://www.numismaticnews.net/coin-market/biases-in-certified-coin-populations}
}

@article{oldcurrencyexchange2016grading,
  author    = {The Old Currency Exchange},
  title     = {Difficulties in Grading Old Coins},
  journal   = {The Old Currency Exchange},
  year      = {2016},
  url       = {https://oldcurrencyexchange.com/2016/03/28/difficulties-in-grading-old-coins/}
}
